@article{trinidade_loss,
	author = "Daniel Back da Trinidade and Pamela Bugala and Domenico Simone",
	title = "REVIEW OF LOSS MODELS FOR HIGH PRESSURE TURBINES",
	journal = "Journal of KONES Powertrain and Transport",
	volume = "25",
	number = "2",
	pages = "37--44",
	year = "2018",
	DOI = "10.5604/01.3001.0012.2772"
}

@article{barigozzi_film_cooling,
	author = "Giovanna Barigozzi and Luca Casarsa and Fabio Pagnacco and Samaneh Rouina",
	title = "Experimental investigation of the interaction between showerhead coolant jets and main flow",
	journal = "Elsevier Journal of Experimental Thermal and Fluid Science",
	volume = "104",
	number = "",
	pages = "43--58",
	year = "2019",
	DOI = "https://doi.org/10.1016/j.expthermflusci.2019.02.014"
}

@article{gao_te,
	author = "Jie Gau and Ming Wei and Weilang Fu and Qun Zheng and Guoqiang Yue",
	title = "Experimental and numerical investigations of trailing edge injection in a transonic turbine cascade",
	journal = "Elsevier Journal of Aerospace Science and Technology",
	volume = "92",
	number = "",
	pages = "258--268",
	year = "2019",
	DOI = "https://doi.org/10.1016/j.ast.2019.05.069"
}

@article{he_film_cooling,
	author = "Wei He and Qinghau Deng and Weilun Zhou and Tieyu Gau and Zhenping Feng",
	title = "Film cooling and aerodynamic performances of a turbine nozzle guide vane T with trenched cooling holes",
	journal = "Elsevier Journal of Applied Thermal Engineering",
	volume = "150",
	number = "",
	pages = "150--163",
	year = "2019",
	DOI = "https://doi.org/10.1016/j.applthermaleng.2019.01.002"
}

@article{gao_te_and_film_cooling,
	author = "Jie Gau and Ming Wei and Yunning Liu and Qun Zheng and Ping Dong",
	title = "Experimental and numerical investigations of hole injection on the suction side throat of transonic turbine vanes in a cascade with trailing edge injection",
	journal = "IMechE Journal of Aerospace Engineering",
	volume = "232",
	number = "8",
	pages = "1454--1466",
	year = "2017",
	DOI = "10.1177/0954410017694918"
}

@article{ravelli_engine_conditions,
	author = "S. Ravelli and H. Abdeh and G. Barigozzi",
	title = "NUMERICAL ASSESSMENT OF DENSITY RATIO AND MAINSTREAM TURBULENCE EFFECTS ON LEADING EDGE FILM COOLING: HEAT AND MASS TRANSFER METHODS",
	journal = "Proceedings of ASME Turbo Expo",
	volume = "",
	number = "",
	pages = "",
	year = "2020",
	DOI = "GT2020-14009"
}

@article{guiffre_design_guidelines,
	author = "Andrea Guiffre' and Matteo Pini",
	title = "DESIGN GUIDELINES FOR AXIAL TURBINES OPERATING WITH NON-IDEAL COMPRESSIBLE FLOWS",
	journal = "Proceedings of ASME Turbo Expo",
	volume = "",
	number = "",
	pages = "",
	year = "2020",
	DOI = "GT2020-14209"
}

@article{giel_te_thickness,
	author = "Paul W. Giel and Vikram Shyam and Paht Juangphanich and John P. Clark",
	title = "EFFECTS OF TRAILING EDGE THICKNESS AND BLADE LOADING DISTRIBUTION ON THE AERODYNAMIC PERFORMANCE OF SIMULATED CMC TURBINE BLADES",
	journal = "Proceedings of ASME Turbo Expo",
	volume = "",
	number = "",
	pages = "",
	year = "2020",
	DOI = "GT2020-15802"
}

@article{giel_nasa_reference,
	author = "Scott M. Jones and William J. Haller and Michael T. Tong",
	title = "An N+3 Technology Level Reference Propulsion System",
	journal = "NASA technical memorandum",
	volume = "",
	number = "",
	pages = "",
	year = "2017",
	DOI = "TMâ€”2017-219501"
}

@article{saha_loss,
	author = "Ranjan Saha and Jens Fridh and Torsten H. Fransson",
	title = "SHOWER HEAD AND TRAILING EDGE COOLING INFLUENCE ON TRANSONIC VANE AERO PERFORMANCE",
	journal = "Proceedings of ASME Turbo Expo",
	volume = "",
	number = "",
	pages = "",
	year = "2014",
	DOI = "GT2014-25613"
}

@article{thirumurthy_throat_area,
	author = "Deepak Thirumurthy and Jose Carlos Casado Coca and Kanishka Suraweera",
	title = "CAPACITY MATCHING OF AERODERIVATIVE GAS GENERATOR WITH FREE POWER TURBINE: CHALLENGES, UNCERTAINTIES, AND OPPORTUNITIES",
	journal = "Proceedings of ASME Turbo Expo",
	volume = "",
	number = "",
	pages = "",
	year = "2019",
	DOI = "GT2019-90617"
}

@techreport{hall_area,
	title       = "Trent 900 {CFD} investigation of {HPNGV} capacity sensitivity to trailing edge geometry",
    author      = "Terry Hall",
    institution = "Rolls-Royce plc",
    address     = "Gipsy Patch Lane, Filton, Bristol",
    number      = "DNS 170140",
    year        = "2011",
    month       = "March"
}

@techreport{zamboni_area,
	title       = "{HYDRA} {CFD} of the Trent 900 {EP1} Turbine High Pressure Nozzle Guide Vane: analysis of the trailing edge slot geometry influence on capacity predictions using GOM scanned data",
    author      = "Giulio Zamboni",
    institution = "Rolls-Royce plc",
    address     = "Gipsy Patch Lane, Filton, Bristol",
    number      = "DNS 181981",
    year        = "2012",
    month       = "July"
}

@article{salim_y_plus,
	author = "Salim M. Salim and Siew-Cheong Cheah",
	title = "Wall y+ Strategy for Dealing with Wall-bounded Turbulent Flows",
	journal = "Proceedings of the International MultiConference of Engineers and Computer Scientists",
	volume = "II",
	number = "",
	pages = "",
	year = "2009",
	DOI = "ISBN: 978-988-17012-7-5"
}

@article{nikuradse_boundary_layers,
	author = "Johann Nikuradse",
	title = "LAWS OF FLOW IN ROUGH PIPES",
	journal = "VDI Verlag research booklet; ``supplement to Research in the field of engineering''",
	volume = "361",
	number = "B4",
	pages = "",
	year = "1933",
	DOI = "NACA TM 1292"
}

@book{schlichting_boundary_layer_theory,
   	author    = "Hermann Schlichting",
    title     = "Boundary Layer Theory",
    publisher = "McGraw-Hill",
    address   = "New York, NY, USA",
    year      = 1979
}

@misc{ansys_fmg_initialisation,
    title        = "Overview of {FMG} Initialization",
    author       = "{ANSYS Inc.}",
    howpublished = "\url{https://www.afs.enea.it/project/neptunius/docs/fluent/html/th/node388.htm}",
    year         = 2009,
    note         = "Accessed: 2021/06/23"
}

@mastersthesis{duffner_manufacturing_variability,
    author  = "John D. Duffner",
    title   = "The effects of manufacturing variability on turbine vane performance",
    school  = "Massachusetts Institute of Technology",
    year    = 2008,
    address = "Cambridge, MA",
    month   = "June"
}

@article{deckers_loss,
	author = "Mathias Deckers and John D. Denton",
	title = "The Aerodynamics of Trailing-Edge-Cooled Transonic Turbine Blades: Part 1 - Experimental Approach",
	journal = "Proceedings of ASME Turbo Expo",
	volume = "",
	number = "",
	pages = "",
	year = "1997",
	DOI = "97-GT-518"
}

@techreport{lee_combustion,
	title       = "Jet-A Reaction Mechanism Study for Combustion Application",
    author      = "Chi-Ming Lee and Krishna Kundu and Waldo Acosta",
    institution = "NASA and US Army Aviation Systems Command",
    address     = "Lewis Research Center, Cleveland, Ohio",
    number      = "04441",
    year        = "1991",
    month       = "June"
}

@article{marius_air_excess,
	author = "Catana Razvan Marius and Cican Grigore",
	title = "Study of air excess in relation with engine parameters for a generalized reaction based on JET-A fuel",
	journal = "Applied Mechanics and Materials",
	volume = "772",
	number = "395",
	pages = "395--400",
	year = "2015",
	DOI = "AMM.772.395"
}

@article{singh_annular_combustors,
	author = "S. N. Singh and V. Seshadri and R. K. Singh and T. Mishra",
	title = "Flow characteristics of an annular gas turbine combustor model for reacting flows using CFD",
	journal = "NISCAIR Journal of Scientific and Industrial Research",
	volume = "65",
	number = "",
	pages = "921--934",
	year = "2006",
	DOI = "F15D1/00"
}

@article{ranjith_annular_combustors,
	author = "P. V. Ranjith and M. Shivashankar and G. Sivaramakrishna and V. Narayanan",
	title = "Reduction of Gas Turbine Combustor Pattern Factors using CFD",
	journal = "International Journal of Engineering Research and Technology",
	volume = "3",
	number = "6",
	pages = "",
	year = "2014",
	DOI = "2278-0181"
}

@article{jiang_heat_transfer,
	author = "Leiyong Jiang and Xijia Wu and Zhong Zhang",
	title = "Conjugate Heat Transfer of an Internally Air-Cooled Nozzle Guide Vane and Shrouds",
	journal = "Advances in Mechanical Engineering",
	volume = "6",
	number = "",
	pages = "",
	year = "2014",
	DOI = "10.1155/2014/146523"
}

@article{hambidge_film_cooling,
	author = "Chris Hambidge and Tom Povey",
	title = "NUMERICAL AND ANALYTICAL STUDY OF THE EFFECT OF FILM COOLING ON HP NGV CAPACITY",
	journal = "Proceedings of ASME Turbo Expo",
	volume = "",
	number = "",
	pages = "",
	year = "2012",
	DOI = "GT2012-69066"
}

@article{burdett_capacity,
	author = "Daniel Burdett and Fr\'ed\'eric Goenaga and Thomas Povey",
	title = "Understanding Capacity Sensitivity of Cooled Transonic Nozzle Guide Vanes: A Parametric Experimental and Computational Study of the Impact of Trailing Edge Geometry",
	journal = "ASME Journal of Turbomachinery",
	volume = "143",
	number = "5",
	pages = "",
	year = "2021",
	DOI = "10.1115/1.4050068"
}

@techreport{gammage_trailing_edge_machining,
	title       = "Work Point 8.5.2 Review",
    author      = "Tom Franklyn Gammage and Tom Povey",
    institution = "University of Oxford and Rolls-Royce plc",
    address     = "Southwell Building, University Of Oxford, Department of Engineering Science, Osney Mead, Oxford, OX2 0ES",
    number      = "",
    year        = "2015",
    month       = "October"
}

@article{melzer_vortex_shedding,
	author = "A. P. Melzer and G. Pullan",
	title = "THE ROLE OF VORTEX SHEDDING IN THE TRAILING EDGE LOSS OF TRANSONIC TURBINE BLADES",
	journal = "ASME Journal of Turbomachinery",
	volume = "141",
	number = "4",
	pages = "",
	year = "2019",
	DOI = "10.1115/1.4041307"
}

@article{menter_turbulence_models,
	author = "F. R. Menter",
	title = "Two-Equation Eddy-Viscosity Turbulence Models for Engineering Applications",
	journal = "AIAA Journal",
	volume = "32",
	number = "8",
	pages = "1598--1605",
	year = "1994",
	DOI = "10.2514/3.12149"
}

@article{COPY_THEN_OVERWRITE,
	author = "",
	title = "",
	journal = "",
	volume = "",
	number = "",
	pages = "",
	year = "",
	DOI = ""
}

@techreport{COPY_THEN_OVERWRITE,
	title       = "",
    author      = "",
    institution = "",
    address     = "",
    number      = "",
    year        = "",
    month       = ""
}

@book{COPY_THEN_OVERWRITE,
    author    = "Leonard Susskind and George Hrabovsky",
    title     = "Classical mechanics: the theoretical minimum",
    publisher = "Penguin Random House",
    address   = "New York, NY",
    year      = 2014
}
    
@misc{COPY_THEN_OVERWRITE,
    title        = "Pluto: The 'Other' Red Planet",
    author       = "{NASA}",
    howpublished = "\url{https://www.nasa.gov/nh/pluto-the-other-red-planet}",
    year         = 2015,
    note         = "Accessed: 2018-12-06"
}

@mastersthesis{COPY_THEN_OVERWRITE,
    author  = "Jian Tang",
    title   = "Spin structure of the nucleon in the asymptotic limit",
    school  = "Massachusetts Institute of Technology",
    year    = 1996,
    address = "Cambridge, MA",
    month   = sep
}